<record><leader>00000cas a22000001a 4500</leader><controlfield tag="001">33526374</controlfield><controlfield tag="007">hd bfv---baaa</controlfield><controlfield tag="008">951117u1975uuuucauer n a     0    0eng c</controlfield><datafield ind1=" " ind2=" " tag="010"><subfield code="a">sn 94099652 </subfield></datafield><datafield ind1=" " ind2=" " tag="040"><subfield code="a">MH</subfield><subfield code="b">eng</subfield><subfield code="c">RQM</subfield><subfield code="d">DLC</subfield><subfield code="d">OCLCQ</subfield><subfield code="d">OCLCF</subfield><subfield code="d">OCLCO</subfield><subfield code="d">OCLCQ</subfield></datafield><datafield ind1=" " ind2=" " tag="012"><subfield code="i">9511</subfield></datafield><datafield ind1=" " ind2=" " tag="037"><subfield code="b">527 Commercial St., San Francisco, CA 94111</subfield></datafield><datafield ind1="0" ind2=" " tag="041"><subfield code="a">eng</subfield><subfield code="a">gre</subfield></datafield><datafield ind1=" " ind2=" " tag="042"><subfield code="a">pcc</subfield></datafield><datafield ind1=" " ind2=" " tag="043"><subfield code="a">n-us-ca</subfield></datafield><datafield ind1="0" ind2="4" tag="245"><subfield code="a">The Hellenic journal.</subfield></datafield><datafield ind1=" " ind2=" " tag="260"><subfield code="a">[San Francisco, Calif.] :</subfield><subfield code="b">Western Hellenic Journal,</subfield><subfield code="c">1975-</subfield></datafield><datafield ind1=" " ind2=" " tag="300"><subfield code="a">volumes :</subfield><subfield code="b">illustrations ;</subfield><subfield code="c">45 cm</subfield></datafield><datafield ind1=" " ind2=" " tag="310"><subfield code="a">Biweekly</subfield></datafield><datafield ind1=" " ind2=" " tag="336"><subfield code="a">text</subfield><subfield code="b">txt</subfield><subfield code="2">rdacontent</subfield></datafield><datafield ind1=" " ind2=" " tag="337"><subfield code="a">microform</subfield><subfield code="b">h</subfield><subfield code="2">rdamedia</subfield></datafield><datafield ind1=" " ind2=" " tag="338"><subfield code="a">microfilm reel</subfield><subfield code="b">hd</subfield><subfield code="2">rdacarrier</subfield></datafield><datafield ind1="0" ind2=" " tag="362"><subfield code="a">Vol. 1, no. 13 (Sept. 25, 1975)-</subfield></datafield><datafield ind1=" " ind2=" " tag="500"><subfield code="a">Published in Brisbane, Calif., June 20, 1991-</subfield></datafield><datafield ind1="8" ind2=" " tag="521"><subfield code="a">"Greek-American."</subfield></datafield><datafield ind1=" " ind2=" " tag="546"><subfield code="a">In English and Greek.</subfield></datafield><datafield ind1=" " ind2=" " tag="533"><subfield code="a">Microfilm.</subfield><subfield code="m">v.1-15 (1975-1989):[Gaps]</subfield><subfield code="b">Cambridge, Mass. :</subfield><subfield code="c">Harvard University Library Microreprographic Service,</subfield><subfield code="d">1976-1989.</subfield><subfield code="e">6 microfilm reels ; 35 mm.</subfield></datafield><datafield ind1=" " ind2="0" tag="650"><subfield code="a">Greeks</subfield><subfield code="z">California</subfield><subfield code="v">Newspapers.</subfield></datafield><datafield ind1=" " ind2="7" tag="650"><subfield code="a">Greeks.</subfield><subfield code="2">fast</subfield><subfield code="0">(OCoLC)fst00947546</subfield></datafield><datafield ind1=" " ind2="7" tag="651"><subfield code="a">California.</subfield><subfield code="2">fast</subfield><subfield code="0">(OCoLC)fst01204928</subfield></datafield><datafield ind1=" " ind2="7" tag="655"><subfield code="a">Newspapers.</subfield><subfield code="2">fast</subfield><subfield code="0">(OCoLC)fst01423814</subfield></datafield><datafield ind1=" " ind2=" " tag="752"><subfield code="a">United States</subfield><subfield code="b">California</subfield><subfield code="c">San Mateo</subfield><subfield code="d">Brisbane.</subfield></datafield><datafield ind1=" " ind2=" " tag="752"><subfield code="a">United States</subfield><subfield code="b">California</subfield><subfield code="c">San Francisco</subfield><subfield code="d">San Francisco.</subfield></datafield><datafield ind1="1" ind2=" " tag="776"><subfield code="c">Original</subfield><subfield code="w">(DLC)sn 87062200</subfield></datafield><datafield ind1="0" ind2="0" tag="780"><subfield code="t">Western Hellenic journal</subfield><subfield code="w">(DLC)sn 94099651</subfield></datafield><datafield ind1=" " ind2=" " tag="850"><subfield code="a">MH</subfield><subfield code="a">MH (master)</subfield></datafield><datafield ind1="1" ind2=" " tag="029"><subfield code="a">AU@</subfield><subfield code="b">000012085069</subfield></datafield></record>